%YAML 1.1
%TAG !u! tag:unity3d.com,2011:
--- !u!1001 &100100000
Prefab:
  m_ObjectHideFlags: 1
  serializedVersion: 2
  m_Modification:
    m_TransformParent: {fileID: 0}
    m_Modifications: []
    m_RemovedComponents: []
  m_ParentPrefab: {fileID: 0}
  m_RootGameObject: {fileID: 1766580095928642}
  m_IsPrefabParent: 1
--- !u!1 &1766580095928642
GameObject:
  m_ObjectHideFlags: 0
  m_PrefabParentObject: {fileID: 0}
  m_PrefabInternal: {fileID: 100100000}
  serializedVersion: 5
  m_Component:
  - component: {fileID: 4249358926342320}
  - component: {fileID: 114134412223564776}
  - component: {fileID: 114804559139634966}
  - component: {fileID: 114042383324453286}
  - component: {fileID: 114223083370757388}
  - component: {fileID: 114472208008135690}
  m_Layer: 0
  m_Name: Networked Managers
  m_TagString: Untagged
  m_Icon: {fileID: 0}
  m_NavMeshLayer: 0
  m_StaticEditorFlags: 0
  m_IsActive: 1
--- !u!4 &4249358926342320
Transform:
  m_ObjectHideFlags: 1
  m_PrefabParentObject: {fileID: 0}
  m_PrefabInternal: {fileID: 100100000}
  m_GameObject: {fileID: 1766580095928642}
  m_LocalRotation: {x: 0, y: 0, z: 0, w: 1}
  m_LocalPosition: {x: 0, y: 0, z: 0}
  m_LocalScale: {x: 1, y: 1, z: 1}
  m_Children: []
  m_Father: {fileID: 0}
  m_RootOrder: 0
  m_LocalEulerAnglesHint: {x: 0, y: 0, z: 0}
--- !u!114 &114042383324453286
MonoBehaviour:
  m_ObjectHideFlags: 1
  m_PrefabParentObject: {fileID: 0}
  m_PrefabInternal: {fileID: 100100000}
  m_GameObject: {fileID: 1766580095928642}
  m_Enabled: 1
  m_EditorHideFlags: 0
  m_Script: {fileID: 11500000, guid: be70cac9e22bd4b46b2648e5c3b7a870, type: 3}
  m_Name: 
  m_EditorClassIdentifier: 
--- !u!114 &114134412223564776
MonoBehaviour:
  m_ObjectHideFlags: 1
  m_PrefabParentObject: {fileID: 0}
  m_PrefabInternal: {fileID: 100100000}
  m_GameObject: {fileID: 1766580095928642}
  m_Enabled: 1
  m_EditorHideFlags: 0
  m_Script: {fileID: 11500000, guid: 9954e2937f1039f498db551870765867, type: 3}
  m_Name: 
  m_EditorClassIdentifier: 
  playersManagers: []
--- !u!114 &114223083370757388
MonoBehaviour:
  m_ObjectHideFlags: 1
  m_PrefabParentObject: {fileID: 0}
  m_PrefabInternal: {fileID: 100100000}
  m_GameObject: {fileID: 1766580095928642}
  m_Enabled: 1
  m_EditorHideFlags: 0
  m_Script: {fileID: 11500000, guid: cfd32d7d679de434dadc0366ae71ebe0, type: 3}
  m_Name: 
  m_EditorClassIdentifier: 
--- !u!114 &114472208008135690
MonoBehaviour:
  m_ObjectHideFlags: 1
  m_PrefabParentObject: {fileID: 0}
  m_PrefabInternal: {fileID: 100100000}
  m_GameObject: {fileID: 1766580095928642}
  m_Enabled: 1
  m_EditorHideFlags: 0
  m_Script: {fileID: 372142912, guid: dc443db3e92b4983b9738c1131f555cb, type: 3}
  m_Name: 
  m_EditorClassIdentifier: 
  m_SceneId:
    m_Value: 0
  m_AssetId:
    i0: 59
    i1: 118
    i2: 67
    i3: 206
    i4: 170
    i5: 68
    i6: 95
    i7: 116
    i8: 201
    i9: 250
    i10: 205
    i11: 196
    i12: 168
    i13: 140
    i14: 218
    i15: 144
  m_ServerOnly: 1
  m_LocalPlayerAuthority: 0
--- !u!114 &114804559139634966
MonoBehaviour:
  m_ObjectHideFlags: 1
  m_PrefabParentObject: {fileID: 0}
  m_PrefabInternal: {fileID: 100100000}
  m_GameObject: {fileID: 1766580095928642}
  m_Enabled: 1
  m_EditorHideFlags: 0
  m_Script: {fileID: 11500000, guid: 05ef7635d54755541a59e1b20fed891d, type: 3}
  m_Name: 
  m_EditorClassIdentifier: 
  createdUnits: []
  unitsIDS: 
