%YAML 1.1
%TAG !u! tag:unity3d.com,2011:
--- !u!1001 &100100000
Prefab:
  m_ObjectHideFlags: 1
  serializedVersion: 2
  m_Modification:
    m_TransformParent: {fileID: 0}
    m_Modifications: []
    m_RemovedComponents: []
  m_ParentPrefab: {fileID: 0}
  m_RootGameObject: {fileID: 1300551266585766}
  m_IsPrefabParent: 1
--- !u!1 &1300551266585766
GameObject:
  m_ObjectHideFlags: 0
  m_PrefabParentObject: {fileID: 0}
  m_PrefabInternal: {fileID: 100100000}
  serializedVersion: 5
  m_Component:
  - component: {fileID: 4864639901695532}
  - component: {fileID: 114819420399114908}
  - component: {fileID: 114779820352714002}
  m_Layer: 0
  m_Name: PlayerManager
  m_TagString: Untagged
  m_Icon: {fileID: 0}
  m_NavMeshLayer: 0
  m_StaticEditorFlags: 0
  m_IsActive: 1
--- !u!4 &4864639901695532
Transform:
  m_ObjectHideFlags: 1
  m_PrefabParentObject: {fileID: 0}
  m_PrefabInternal: {fileID: 100100000}
  m_GameObject: {fileID: 1300551266585766}
  m_LocalRotation: {x: 0, y: 0, z: 0, w: 1}
  m_LocalPosition: {x: 20, y: 0, z: 20}
  m_LocalScale: {x: 1, y: 1, z: 1}
  m_Children: []
  m_Father: {fileID: 0}
  m_RootOrder: 0
  m_LocalEulerAnglesHint: {x: 0, y: 0, z: 0}
--- !u!114 &114779820352714002
MonoBehaviour:
  m_ObjectHideFlags: 1
  m_PrefabParentObject: {fileID: 0}
  m_PrefabInternal: {fileID: 100100000}
  m_GameObject: {fileID: 1300551266585766}
  m_Enabled: 1
  m_EditorHideFlags: 0
  m_Script: {fileID: 372142912, guid: dc443db3e92b4983b9738c1131f555cb, type: 3}
  m_Name: 
  m_EditorClassIdentifier: 
  m_SceneId:
    m_Value: 0
  m_AssetId:
    i0: 41
    i1: 100
    i2: 7
    i3: 99
    i4: 83
    i5: 122
    i6: 69
    i7: 148
    i8: 106
    i9: 123
    i10: 138
    i11: 237
    i12: 250
    i13: 111
    i14: 67
    i15: 28
  m_ServerOnly: 0
  m_LocalPlayerAuthority: 0
--- !u!114 &114819420399114908
MonoBehaviour:
  m_ObjectHideFlags: 1
  m_PrefabParentObject: {fileID: 0}
  m_PrefabInternal: {fileID: 100100000}
  m_GameObject: {fileID: 1300551266585766}
  m_Enabled: 1
  m_EditorHideFlags: 0
  m_Script: {fileID: 11500000, guid: eb4292103b4856e4c927aa1564f6bfa3, type: 3}
  m_Name: 
  m_EditorClassIdentifier: 
  player:
    playerName: Player 00
    accentColor: {r: 0, g: 1, b: 0.25517225, a: 1}
    id: 0
  coreUnitObj: {fileID: 114706966398930068, guid: 1a7b7cb2d3f26ab4e9b0044209425f36,
    type: 2}
